@book{pinter,
  title={A Book of Abstract Algebra, 2nd ed.},
  author={Pinter, C.C.},
  isbn={9780486474175},
  lccn={2009026228},
  series={Dover Books on Mathematics},
  url={https://books.google.com.br/books?id=ZAo\_AwAAQBAJ},
  year={2010},
  publisher={Dover Publications}
}

@book{moschovakis,
  title={Notes on Set Theory, 2nd ed.},
  author={Moschovakis, Y.},
  isbn={9780387287232},
  lccn={2005933766},
  series={Undergraduate Texts in Mathematics},
  url={https://books.google.com.br/books?id=eaPY47H79QIC},
  year={2005},
  publisher={Springer New York}
}

@book{velleman,
  title={How to Prove It: A Structured Approach},
  author={Velleman, D.J.},
  isbn={9780521675994},
  lccn={2005029447},
  url={https://books.google.com.br/books?id=lptwaMuAtBAC},
  year={2006},
  publisher={Cambridge University Press}
}

@book{tsouanas,
  title={Matem\'atica Fundacional para Computa\c c\~ao (WIP)},
  author={Tsouanas, {Th}.},
  url={http://www.tsouanas.org/fmc/},
  year={2017},
}
